
@article{höhle2014,
	title = {Bayesian nowcasting during the STEC O104:H4 outbreak in Germany, 2011},
	author = {{Höhle}, Michael and an der Heiden, Matthias},
	year = {2014},
	date = {2014},
	journal = {Biometrics},
	pages = {993--1002},
	volume = {70},
	number = {4},
	doi = {10.1111/biom.12194},
	url = {https://onlinelibrary.wiley.com/doi/abs/10.1111/biom.12194},
	note = {{\_}eprint: https://onlinelibrary.wiley.com/doi/pdf/10.1111/biom.12194},
	langid = {en}
}
