
@article{höhle2014,
	title = {Bayesian nowcasting during the STEC O104:H4 outbreak in Germany, 2011},
	author = {{Höhle}, Michael and an der Heiden, Matthias},
	year = {2014},
	date = {2014},
	journal = {Biometrics},
	pages = {993--1002},
	volume = {70},
	number = {4},
	doi = {10.1111/biom.12194},
	url = {https://onlinelibrary.wiley.com/doi/abs/10.1111/biom.12194},
	note = {{\_}eprint: https://onlinelibrary.wiley.com/doi/pdf/10.1111/biom.12194},
	langid = {en}
}

@article{höhle2014,
	title = {Bayesian nowcasting during the STEC O104:H4 outbreak in Germany, 2011},
	author = {{Höhle}, Michael and an der Heiden, Matthias},
	year = {2014},
	date = {2014},
	journal = {Biometrics},
	pages = {993--1002},
	volume = {70},
	number = {4},
	doi = {10.1111/biom.12194},
	url = {https://onlinelibrary.wiley.com/doi/abs/10.1111/biom.12194},
	note = {{\_}eprint: https://onlinelibrary.wiley.com/doi/pdf/10.1111/biom.12194},
	langid = {en}
}

@article{lawless1994,
	title = {Adjustments for reporting delays and the prediction of occurred but not reported events},
	author = {Lawless, J.f.},
	year = {1994},
	date = {1994},
	journal = {Canadian Journal of Statistics},
	pages = {15--31},
	volume = {22},
	number = {1},
	doi = {10.2307/3315826.n1},
	url = {http://0.onlinelibrary.wiley.com/doi/abs/10.2307/3315826.n1},
	note = {{\_}eprint: https://onlinelibrary.wiley.com/doi/pdf/10.2307/3315826.n1},
	langid = {en}
}

@article{schneble2021,
	title = {Nowcasting fatal COVID-19 infections on a regional level in Germany},
	author = {Schneble, Marc and De Nicola, Giacomo and Kauermann, {Göran} and Berger, Ursula},
	year = {2021},
	date = {2021},
	journal = {Biometrical Journal},
	pages = {471--489},
	volume = {63},
	number = {3},
	doi = {10.1002/bimj.202000143},
	url = {https://onlinelibrary.wiley.com/doi/abs/10.1002/bimj.202000143},
	note = {{\_}eprint: https://onlinelibrary.wiley.com/doi/pdf/10.1002/bimj.202000143},
	langid = {en}
}

@article{seaman2022,
	title = {Nowcasting COVID-19 deaths in England by age and region},
	author = {Seaman, Shaun R. and Samartsidis, Pantelis and Kall, Meaghan and De Angelis, Daniela},
	year = {2022},
	month = {06},
	date = {2022-06-15},
	journal = {Journal of the Royal Statistical Society: Series C (Applied Statistics)},
	volume = {n/a},
	number = {n/a},
	doi = {10.1111/rssc.12576},
	url = {https://onlinelibrary.wiley.com/doi/abs/10.1111/rssc.12576},
	note = {{\_}eprint: https://onlinelibrary.wiley.com/doi/pdf/10.1111/rssc.12576},
	langid = {en}
}

@book{abbott2021,
	title = {epinowcast: Hierarchical nowcasting of right censored epidemological counts},
	author = {Abbott, Sam},
	year = {2021},
	month = {11},
	date = {2021-11-25}
}

@article{günther2021,
	title = {Nowcasting the COVID-19 pandemic in Bavaria},
	author = {{Günther}, Felix and Bender, Andreas and Katz, Katharina and {Küchenhoff}, Helmut and {Höhle}, Michael},
	year = {2021},
	date = {2021},
	journal = {Biometrical Journal},
	pages = {490--502},
	volume = {63},
	number = {3},
	doi = {10.1002/bimj.202000112},
	url = {https://onlinelibrary.wiley.com/doi/abs/10.1002/bimj.202000112},
	note = {{\_}eprint: https://onlinelibrary.wiley.com/doi/pdf/10.1002/bimj.202000112},
	langid = {en}
}

@article{bosse,
	title = {Evaluating Forecasts with scoringutils in R},
	author = {Bosse, Nikos I. and Gruson, Hugo and Cori, Anne and van Leeuwen, Edwin and Funk, Sebastian and Abbott, Sam},
	doi = {10.48550/arXiv.2205.07090}
}

@article{gneiting2007,
	title = {Strictly Proper Scoring Rules, Prediction, and Estimation},
	author = {Gneiting, Tilmann and Raftery, Adrian E},
	year = {2007},
	month = {03},
	date = {2007-03-01},
	journal = {Journal of the American Statistical Association},
	pages = {359--378},
	volume = {102},
	number = {477},
	doi = {10.1198/016214506000001437},
	url = {https://doi.org/10.1198/016214506000001437},
	note = {Publisher: Taylor & Francis
{\_}eprint: https://doi.org/10.1198/016214506000001437}
}

@article{bracher2021,
	title = {Evaluating epidemic forecasts in an interval format},
	author = {Bracher, Johannes and Ray, Evan L. and Gneiting, Tilmann and Reich, Nicholas G.},
	year = {2021},
	month = {02},
	date = {2021-02-12},
	journal = {PLOS Computational Biology},
	pages = {e1008618},
	volume = {17},
	number = {2},
	doi = {10.1371/journal.pcbi.1008618},
	url = {https://journals.plos.org/ploscompbiol/article?id=10.1371/journal.pcbi.1008618},
	note = {Publisher: Public Library of Science},
	langid = {en}
}

@article{cox1989,
	title = {A Process of Events with Notification Delay and the Forecasting of AIDS},
	author = {Cox, David and Medley, Graham},
	year = {1989},
	month = {10},
	date = {1989-10-01},
	journal = {Philosophical transactions of the Royal Society of London. Series B, Biological sciences},
	pages = {135--45},
	volume = {325},
	doi = {10.1098/rstb.1989.0078}
}

@book{rcoreteam2022,
	title = {R: A Language and Environment for Statistical Computing},
	author = {R Core Team, },
	year = {2022},
	date = {2022},
	publisher = {R Foundation for Statistical Computing},
	url = {https://www.R-project.org/},
	address = {Vienna, Austria}
}
